<record><leader>00000cas a2200000 a 4500</leader><controlfield tag="001">11241045</controlfield><controlfield tag="008">841009d18261904mauwr ne      0    0eng c</controlfield><datafield ind1=" " ind2=" " tag="010"><subfield code="a">sn 84024361 </subfield></datafield><datafield ind1=" " ind2=" " tag="040"><subfield code="a">NPV</subfield><subfield code="b">eng</subfield><subfield code="c">NPV</subfield><subfield code="d">NPA</subfield><subfield code="d">KNP</subfield><subfield code="d">NVH</subfield><subfield code="d">KNP</subfield><subfield code="d">NYS</subfield><subfield code="d">OCL</subfield><subfield code="d">MGN</subfield><subfield code="d">OCL</subfield><subfield code="d">RHN</subfield><subfield code="d">MGN</subfield><subfield code="d">CNK</subfield><subfield code="d">MBN</subfield><subfield code="d">ATL</subfield><subfield code="d">DLC</subfield><subfield code="d">OCLCQ</subfield><subfield code="d">OCLCF</subfield><subfield code="d">NDD</subfield></datafield><datafield ind1=" " ind2=" " tag="019"><subfield code="a">10807271</subfield><subfield code="a">24947846</subfield></datafield><datafield ind1=" " ind2=" " tag="042"><subfield code="a">pcc</subfield></datafield><datafield ind1=" " ind2=" " tag="043"><subfield code="a">n-us-me</subfield><subfield code="a">n-us-nh</subfield></datafield><datafield ind1="0" ind2="0" tag="050"><subfield code="a">BX6370</subfield><subfield code="b">.M7</subfield></datafield><datafield ind1=" " ind2="4" tag="050"><subfield code="a">BX6370</subfield></datafield><datafield ind1="0" ind2=" " tag="130"><subfield code="a">Morning star (Limerick, Me.)</subfield></datafield><datafield ind1="1" ind2="0" tag="245"><subfield code="a">Morning star.</subfield></datafield><datafield ind1=" " ind2=" " tag="260"><subfield code="a">Limerick, Me. :</subfield><subfield code="b">Hobbs, Woodman &amp; Co.,</subfield><subfield code="c">1826-1904.</subfield></datafield><datafield ind1=" " ind2=" " tag="300"><subfield code="a">79 v. :</subfield><subfield code="b">ill. ;</subfield><subfield code="c">48 cm.</subfield></datafield><datafield ind1=" " ind2=" " tag="310"><subfield code="a">Weekly</subfield></datafield><datafield ind1="0" ind2=" " tag="362"><subfield code="a">Vol. 1, no. 1 (May 11, 1826)-v. 79, no. 30 (July 28, 1904).</subfield></datafield><datafield ind1=" " ind2=" " tag="500"><subfield code="a">Edited by: Samuel Beede, 1826-1834; William Burr, 1834-</subfield></datafield><datafield ind1=" " ind2=" " tag="500"><subfield code="a">Published by: D. Marks, &lt;1833&gt;; Trustees of the Freewill Baptist Connection, &lt;May 1837-&gt;</subfield></datafield><datafield ind1=" " ind2=" " tag="500"><subfield code="a">Published in Dover, N.H., Nov. 14, 1833-Dec. 30, 1874; Boston, Mass., Jan. 6, 1875-Dec. 25, 1878; Dover, N.H., Jan. 1, 1879-Oct. 8, 1885; Boston, Mass., Oct. 15, 1885-July 28, 1904.</subfield></datafield><datafield ind1=" " ind2=" " tag="500"><subfield code="a">Published simultaneously in Portland, Me., Boston, Mass., New York, N.Y. and Chicago, Ill. at different times.</subfield></datafield><datafield ind1=" " ind2=" " tag="515"><subfield code="a">Issues for &lt;May 11, 1864-&gt; have also whole number &lt;1983-&gt;</subfield></datafield><datafield ind1=" " ind2=" " tag="530"><subfield code="a">Also issued on microfilm by American Theological Library Association.</subfield></datafield><datafield ind1=" " ind2=" " tag="580"><subfield code="a">Merged with: Free Baptist (Minneapolis, Minn.), to form: Morning star and free Baptist.</subfield></datafield><datafield ind1=" " ind2="0" tag="650"><subfield code="a">Baptists</subfield><subfield code="v">Newspapers.</subfield></datafield><datafield ind1=" " ind2="0" tag="651"><subfield code="a">Limerick (Me.)</subfield><subfield code="v">Newspapers.</subfield></datafield><datafield ind1=" " ind2="0" tag="651"><subfield code="a">Dover (N.H.)</subfield><subfield code="v">Newspapers.</subfield></datafield><datafield ind1=" " ind2="0" tag="651"><subfield code="a">Portland (Me.)</subfield><subfield code="v">Newspapers.</subfield></datafield><datafield ind1=" " ind2="7" tag="650"><subfield code="a">Baptists.</subfield><subfield code="2">fast</subfield><subfield code="0">(OCoLC)fst00827285</subfield></datafield><datafield ind1=" " ind2="7" tag="651"><subfield code="a">Maine</subfield><subfield code="z">Limerick.</subfield><subfield code="2">fast</subfield><subfield code="0">(OCoLC)fst01216857</subfield></datafield><datafield ind1=" " ind2="7" tag="651"><subfield code="a">Maine</subfield><subfield code="z">Portland.</subfield><subfield code="2">fast</subfield><subfield code="0">(OCoLC)fst01213254</subfield></datafield><datafield ind1=" " ind2="7" tag="651"><subfield code="a">New Hampshire</subfield><subfield code="z">Dover.</subfield><subfield code="2">fast</subfield><subfield code="0">(OCoLC)fst01210485</subfield></datafield><datafield ind1=" " ind2="7" tag="655"><subfield code="a">Newspapers.</subfield><subfield code="2">fast</subfield><subfield code="0">(OCoLC)fst01423814</subfield></datafield><datafield ind1=" " ind2="7" tag="655"><subfield code="a">Anti-slavery newspapers.</subfield><subfield code="2">ngl</subfield></datafield><datafield ind1="1" ind2=" " tag="700"><subfield code="a">Beede, Samuel,</subfield><subfield code="d">1799-1834,</subfield><subfield code="e">editor.</subfield></datafield><datafield ind1="1" ind2=" " tag="700"><subfield code="a">Burr, William,</subfield><subfield code="d">1806-1866,</subfield><subfield code="e">editor.</subfield></datafield><datafield ind1="2" ind2=" " tag="710"><subfield code="a">Free Will Baptists (1780?-1911),</subfield><subfield code="e">publishers.</subfield></datafield><datafield ind1=" " ind2=" " tag="752"><subfield code="a">United States</subfield><subfield code="b">Massachusetts</subfield><subfield code="c">Suffolk</subfield><subfield code="d">Boston.</subfield></datafield><datafield ind1=" " ind2=" " tag="752"><subfield code="a">United States</subfield><subfield code="b">Maine</subfield><subfield code="c">York</subfield><subfield code="d">Limerick.</subfield></datafield><datafield ind1=" " ind2=" " tag="752"><subfield code="a">United States</subfield><subfield code="b">New Hampshire</subfield><subfield code="c">Strafford</subfield><subfield code="d">Dover.</subfield></datafield><datafield ind1=" " ind2=" " tag="752"><subfield code="a">United States</subfield><subfield code="b">Maine</subfield><subfield code="c">Cumberland</subfield><subfield code="d">Portland.</subfield></datafield><datafield ind1=" " ind2=" " tag="752"><subfield code="a">United States</subfield><subfield code="b">New York</subfield><subfield code="c">New York</subfield><subfield code="d">New York.</subfield></datafield><datafield ind1=" " ind2=" " tag="752"><subfield code="a">United States</subfield><subfield code="b">Illinois</subfield><subfield code="c">Cook</subfield><subfield code="d">Chicago.</subfield></datafield><datafield ind1=" " ind2=" " tag="752"><subfield code="a">United States</subfield><subfield code="b">New Hampshire</subfield><subfield code="c">Stafford</subfield><subfield code="d">Dover.</subfield></datafield><datafield ind1="1" ind2=" " tag="776"><subfield code="c">Microfilm</subfield><subfield code="d">American Theological Library Association</subfield><subfield code="w">(DLC)   00221921</subfield><subfield code="w">(OCoLC)27059052</subfield></datafield><datafield ind1="1" ind2="7" tag="785"><subfield code="t">Free Baptist (Minneapolis, Minn.)</subfield><subfield code="w">(DLC)sn 83025965</subfield><subfield code="w">(OCoLC)8782825</subfield></datafield><datafield ind1="1" ind2="7" tag="785"><subfield code="t">Morning star and free Baptist</subfield><subfield code="w">(DLC)   00221922</subfield><subfield code="w">(OCoLC)9208268</subfield></datafield><datafield ind1=" " ind2=" " tag="850"><subfield code="a">DLC</subfield></datafield><datafield ind1="1" ind2=" " tag="029"><subfield code="a">AU@</subfield><subfield code="b">000020340086</subfield></datafield></record>